@book {miyake-lin-2008,
    author = "敏恒, 三宅",
    title = "線形代数学：初歩からジョルダン標準形へ",
    publisher = "培風館",
    year = "2008",
    URL = "https://ndlsearch.ndl.go.jp/books/R100000002-I000009981838",
    keywords = "lin"
}

@book {saito-lin-2007,
    author = "毅, 斎藤",
    title = "線形代数の世界：抽象数学の入り口",
    series = "大学数学の入門; 7",
    publisher = "東京大学出版会",
    year = "2007",
    URL = "https://ndlsearch.ndl.go.jp/books/R100000002-I000009154043",
    keywords = "lin"
}

@book {uchida-set-2020,
    author = "伏一, 内田",
    title = "集合と位相＝SET THEORY ＆ GENERAL TOPOLOGY",
    series = "数学シリーズ",
    edition = "増補新装版",
    publisher = "裳華房",
    year = "2020",
    URL = "https://ndlsearch.ndl.go.jp/books/R100000002-I030289647",
    keywords = "set"
}

@book {iwanami-functional,
    author = "宏, 藤田 and 成俊, 黒田 and 清三, 伊藤",
    title = "関数解析",
    series = "岩波基礎数学選書",
    publisher = "岩波書店",
    year = "1991",
    URL = "https://ndlsearch.ndl.go.jp/books/R100000002-I000002094796",
    keywords = "functional"
}